

@article{Rose,
	author = {Frank F. Rosenblatt},
	date-modified = {2021-04-14 18:43:47 +0200},
	journal = {Psychological review},
	number = {6},
	pages = {386-408},
	title = {The perceptron: a probabilistic model for information storage and organization in the brain.},
	url = {https://pdfs.semanticscholar.org/5d11/aad09f65431b5d3cb1d85328743c9e53ba96.pdf},
	volume = {65},
	year = {1958},
	Bdsk-Url-1 = {https://pdfs.semanticscholar.org/5d11/aad09f65431b5d3cb1d85328743c9e53ba96.pdf}}

@book{ISLR,
    title={{An Introduction to Statistical Learning: with Applications in R}},
    author={Gareth James and Daniela Witten and Trevor Hastie and Robert Tibshirani},
    publisher={Springer New York, Heidelberg, Dordrecht, London},
    note={Corrected 8th printing, 2017},
    doi={10.1007/978-1-4614-7138-7},
    series={Springer Texts in Statistics},
    isbn={978-1-4614-7137-0},
    year={2014},
    url = {http://faculty.marshall.usc.edu/gareth-james/ISL/}
}

@misc{cuDNN,
    title = {{NVIDIA\textsuperscript{\textregistered} CUDA\textsuperscript{\textregistered} Deep Neural Network library\textsuperscript{TM} (cuDNN)}},
    author = {{NVIDIA Corporation}},
    note  = {\url{https://docs.nvidia.com/deeplearning/sdk/cudnn-install/},
    Last accessed on 2020-04-26},
}